@misc{WWFReport,
  title={Solving Plastic Pollution Through Accountability},
  author={WWF},
  year={2019},
  ISBN={978-2-940529-93-3}
}
@article{geyer2017production,
  title={Production, use, and fate of all plastics ever made},
  author={Geyer, Roland and Jambeck, Jenna R and Law, Kara Lavender},
  journal={Science advances},
  volume={3},
  number={7},
  pages={e1700782},
  year={2017},
  publisher={American Association for the Advancement of Science}
}
@misc{EUReport,
  title={Plasticsâ€“the Facts 2019},
  author={EuropePlastic},
  year={2019},
}
@article{jambeck2015plastic,
  title={Plastic waste inputs from land into the ocean},
  author={Jambeck, Jenna R and Geyer, Roland and Wilcox, Chris and Siegler, Theodore R and Perryman, Miriam and Andrady, Anthony and Narayan, Ramani and Law, Kara Lavender},
  journal={Science},
  volume={347},
  number={6223},
  pages={768--771},
  year={2015},
  publisher={American Association for the Advancement of Science}
}
@article{Heikki2019circueco,
  title={A circular economy creates new growth opportunities},
  author={Heikki Sorasahi, Riku Sinervo},
  year={2019}
}
@article{xanthos2017international,
  title={International policies to reduce plastic marine pollution from single-use plastics (plastic bags and microbeads): a review},
  author={Xanthos, Dirk and Walker, Tony R},
  journal={Marine pollution bulletin},
  volume={118},
  number={1-2},
  pages={17--26},
  year={2017},
  publisher={Elsevier}
}
@article{eu2018assesment,
  title={Reducing Marine Litter: action on single use plastics and fishing gear},
  author={EU commission},
  year={2018}
}